@article{guttman_1984_rtrees,
  author = {Guttman, Antonin},
  month = {06},
  pages = {47},
  title = {R-trees},
  doi = {10.1145/971697.602266},
  volume = {14},
  year = {1984},
  journal = {ACM SIGMOD Record}
}